@book{harper2010guidelines,
  title={Guidelines for converting between various wind averaging periods in tropical cyclone conditions},
  author={Harper, BA and Kepert, JD and Ginger, JD},
  year={2010},
  publisher={Citeseer}
}
@article{hegermiller2019wave,
  title={Wave--Current Interaction between {H}urricane {M}atthew Wave Fields and the {G}ulf {S}tream},
  author={Hegermiller, Christie A and Warner, John C and Olabarrieta, Maitane and Sherwood, Christopher R},
  journal={Journal of Physical Oceanography},
  volume={49},
  number={11},
  pages={2883--2900},
  year={2019}
}
@article{villas2020wave,
  title={Wave--Current Interactions at Meso-and Submesoscales: Insights from Idealized Numerical Simulations},
  author={Villas B{\^o}as, Ana B and Cornuelle, Bruce D and Mazloff, Matthew R and Gille, Sarah T and Ardhuin, Fabrice},
  journal={Journal of Physical Oceanography},
  volume={50},
  number={12},
  pages={3483--3500},
  year={2020}
}
@article{landsea2013atlantic,
  title={Atlantic hurricane database uncertainty and presentation of a new database format},
  author={Landsea, Christopher W and Franklin, James L},
  journal={Monthly Weather Review},
  volume={141},
  number={10},
  pages={3576--3592},
  year={2013}
}
@article{knaff2018statistical,
  title={Statistical tropical cyclone wind radii prediction using climatology and persistence: Updates for the western {N}orth {P}acific},
  author={Knaff, John A and Sampson, Charles R and Musgrave, Kate D},
  journal={Weather and Forecasting},
  volume={33},
  number={4},
  pages={1093--1098},
  year={2018}
}
@article{lin2012hurricane,
  title={On hurricane parametric wind and applications in storm surge modeling},
  author={Lin, Ning and Chavas, Daniel},
  journal={Journal of Geophysical Research: Atmospheres},
  volume={117},
  number={D9},
  year={2012},
  publisher={Wiley Online Library}
}
@article{holthuijsen2012wind,
  title={Wind and waves in extreme hurricanes},
  author={Holthuijsen, Leo H and Powell, Mark D and Pietrzak, Julie D},
  journal={Journal of Geophysical Research: Oceans},
  volume={117},
  number={C9},
  year={2012},
  publisher={Wiley Online Library}
}
@article{janssen1991quasi,
  title={Quasi-linear theory of wind-wave generation applied to wave forecasting},
  author={Janssen, Peter AEM},
  journal={Journal of physical oceanography},
  volume={21},
  number={11},
  pages={1631--1642},
  year={1991},
  publisher={American Meteorological Society}
}
@article{komen1984existence,
  title={On the existence of a fully developed wind-sea spectrum},
  author={Komen, GJ and Hasselmann, S and Hasselmann, K1},
  journal={Journal of physical oceanography},
  volume={14},
  number={8},
  pages={1271--1285},
  year={1984}
}
@incollection{madsen1989spectral,
  title={Spectral wave attenuation by bottom friction: {T}heory},
  author={Madsen, Ole Secher and Poon, Ying-Keung and Graber, Hans C},
  booktitle={Coastal Engineering 1988},
  pages={492--504},
  year={1989}
}
@article{dietrich2011hurricane,
  title={Hurricane Gustav (2008) waves and storm surge: Hindcast, synoptic analysis, and validation in southern Louisiana},
  author={Dietrich, JC and Westerink, JJ and Kennedy, AB and Smith, JM and Jensen, RE and Zijlema, M and Holthuijsen, LH and Dawson, C and Luettich, RA and Powell, MD and others},
  journal={Monthly Weather Review},
  volume={139},
  number={8},
  pages={2488--2522},
  year={2011},
  publisher={American Meteorological Society}
}
@article{booij1999third,
  title={A third-generation wave model for coastal regions: 1. {M}odel description and validation},
  author={Booij, NRRC and Ris, Roeland C and Holthuijsen, Leo H},
  journal={Journal of geophysical research: Oceans},
  volume={104},
  number={C4},
  pages={7649--7666},
  year={1999},
  publisher={Wiley Online Library}
}
@article{tolman2009user,
  title={User manual and system documentation of {WAVEWATCH III TM} version 3.14},
  author={Tolman, Hendrik L and others},
  journal={Technical note, MMAB Contribution},
  volume={276},
  pages={220},
  year={2009}
}
@article{geuzaine2009gmsh,
  title={Gmsh: A 3-D finite element mesh generator with built-in pre-and post-processing facilities},
  author={Geuzaine, Christophe and Remacle, Jean-Fran{\c{c}}ois},
  journal={International journal for numerical methods in engineering},
  volume={79},
  number={11},
  pages={1309--1331},
  year={2009},
  publisher={Wiley Online Library}
}
@article{chassignet2007hycom,
  title={The {HYCOM} (hybrid coordinate ocean model) data assimilative system},
  author={Chassignet, Eric P and Hurlburt, Harley E and Smedstad, Ole Martin and Halliwell, George R and Hogan, Patrick J and Wallcraft, Alan J and Baraille, Remy and Bleck, Rainer},
  journal={Journal of Marine Systems},
  volume={65},
  number={1-4},
  pages={60--83},
  year={2007},
  publisher={Elsevier}
}
@article{dobbelaere2020coupled,
  title={Coupled epidemio-hydrodynamic modeling to understand the spread of a deadly coral disease in {F}lorida},
  author={Dobbelaere, Thomas and Muller, Erinn M and Gramer, Lewis J and Holstein, Daniel M and Hanert, Emmanuel},
  journal={Frontiers in Marine Science},
  volume={7},
  pages={1016},
  year={2020},
  publisher={Frontiers}
}
@article{frys2020fine,
  title={Fine-scale coral connectivity pathways in the {F}lorida {R}eef {T}ract: implications for conservation and restoration},
  author={Frys, Charles and Saint-Amand, Antoine and Le H{\'e}naff, Matthieu and Figueiredo, Joana and Kuba, Alyson and Walker, Brian and Lambrechts, Jonathan and Vallaeys, Valentin and Vincent, David and Hanert, Emmanuel},
  journal={Frontiers in Marine Science},
  volume={7},
  pages={312},
  year={2020},
  publisher={Frontiers}
}
@article{donelan2004limiting,
  title={On the limiting aerodynamic roughness of the ocean in very strong winds},
  author={Donelan, MA and Haus, BK and Reul, Nicolas and Plant, WJ and Stiassnie, M and Graber, HC and Brown, OB and Saltzman, ES},
  journal={Geophysical Research Letters},
  volume={31},
  number={18},
  year={2004},
  publisher={Wiley Online Library}
}
@article{powell2003reduced,
  title={Reduced drag coefficient for high wind speeds in tropical cyclones},
  author={Powell, Mark D and Vickery, Peter J and Reinhold, Timothy A},
  journal={Nature},
  volume={422},
  number={6929},
  pages={279--283},
  year={2003},
  publisher={Nature Publishing Group}
}
@article{moon2007physics,
  title={A physics-based parameterization of air--sea momentum flux at high wind speeds and its impact on hurricane intensity predictions},
  author={Moon, IL-JU and Ginis, Isaac and Hara, Tetsu and Thomas, Biju},
  journal={Monthly weather review},
  volume={135},
  number={8},
  pages={2869--2878},
  year={2007}
}

